@article{dirac1929quantum,
  title={Quantum mechanics of many-electron systems},
  author={Dirac, Paul AM},
  journal={Proc. R. Soc. Lond. A},
  volume={123},
  number={792},
  pages={714--733},
  year={1929},
  publisher={The Royal Society}
}

@article{slater1964quantum,
	title={Quantum Theory of Molecules and Solids, Vol. 1: Electronic Structure of Molecules},
	author={Slater, John C and Russek, Arnold},
	journal={American Journal of Physics},
	volume={32},
	number={1},
	pages={65--66},
	year={1964},
	publisher={American Association of Physics Teachers}
}

@article{born1927quantentheorie,
	title={Zur quantentheorie der molekeln},
	author={Born, Max and Oppenheimer, Robert},
	journal={Annalen der Physik},
	volume={389},
	number={20},
	pages={457--484},
	year={1927},
	publisher={Wiley Online Library}
}

@book{heisenberg1963kopenhager,
	title={Die Kopenhager Deutung der Quantentheorie},
	author={Heisenberg, Werner},
	year={1963},
	publisher={Stuttgart. Battenberg}
}

@article{yserentant2013short,
	title={A short theory of the Rayleigh--Ritz method},
	author={Yserentant, Harry},
	journal={Computational Methods in Applied Mathematics},
	volume={13},
	number={4},
	pages={495--502},
	year={2013},
	publisher={Walter de Gruyter GmbH}
}

@article{etemadi1981elementary,
	title={An elementary proof of the strong law of large numbers},
	author={Etemadi, Nasrollah},
	journal={Zeitschrift f{\"u}r Wahrscheinlichkeitstheorie und verwandte Gebiete},
	volume={55},
	number={1},
	pages={119--122},
	year={1981},
	publisher={Springer}
}

@article{kolmogorov1930loi,
	title={Sur la loi forte des grands nombres},
	author={Kolmogorov, Andre{\u\i}} Nikolaevich},
journal={Comptes rendus de l'Acad{\'e}mie des Sciences},
volume={191},
pages={910--912},
year={1930}
}

@article{metropolis1953equation,
	title={Equation of state calculations by fast computing machines},
	author={Metropolis, Nicholas and Rosenbluth, Arianna W and Rosenbluth, Marshall N and Teller, Augusta H and Teller, Edward},
	journal={The journal of chemical physics},
	volume={21},
	number={6},
	pages={1087--1092},
	year={1953},
	publisher={AIP}
}

@article{hastings1970monte,
	title={Monte Carlo sampling methods using Markov chains and their applications},
	author={Hastings, W Keith},
	journal={Biometrika},
	volume={57},
	number={1},
	pages={97--109},
	year={1970},
	publisher={Biometrika Trust}
}

@book{norris1998markov,
	title={Markov chains},
	author={Norris, James R},
	number={2},
	year={1998},
	publisher={Cambridge university press}
}

@book{durrett2016essentials,
	title={Essentials of stochastic processes},
	author={Durrett, Richard and Durrett, R},
	year={2016},
	publisher={Springer}
}

@book{robert2010introducing,
title={Introducing monte carlo methods with r},
author={Robert, Christian P and Casella, George and Casella, George},
volume={18},
year={2010},
publisher={Springer}
}

@article{hobert2004mixture,
	title={A mixture representation of $\pi$ with applications in Markov chain Monte Carlo and perfect sampling},
	author={Hobert, James P and Robert, Christian P},
	journal={Annals of Applied Probability},
	pages={1295--1305},
	year={2004},
	publisher={JSTOR}
}

@incollection{robert1999metropolis,
	title={The Metropolisâ€”Hastings Algorithm},
	author={Robert, Christian P and Casella, George},
	booktitle={Monte Carlo Statistical Methods},
	pages={231--283},
	year={1999},
	publisher={Springer}
}

@article{ichimaru1973basic,
	title={Basic principles of plasma physics: a statistical approach},
	author={Ichimaru, Setsuo},
	year={1973},
	publisher={Benjamin}
}

@article{risken1989fokker,
	title={The Fokker-Planck equation. Methods of solution and applications, vol. 18 of},
	author={Risken, Hannes},
	journal={Springer series in synergetics},
	volume={301},
	year={1989}
}

@article{coifman2008diffusion,
	title={Diffusion maps, reduction coordinates, and low dimensional representation of stochastic systems},
	author={Coifman, Ronald R and Kevrekidis, Ioannis G and Lafon, St{\'e}phane and Maggioni, Mauro and Nadler, Boaz},
	journal={Multiscale Modeling \& Simulation},
	volume={7},
	number={2},
	pages={842--864},
	year={2008},
	publisher={SIAM}
}